% This file was created with Citavi 5.2.0.8

@misc{Openwall.2015,
 author = {Openwall, Developers},
 year = {1.8.0},
 title = {John the Ripper},
 url = {http://www.openwall.com/john/},
 urldate = {2015-11-09},
 publisher = {Openwall}
}

@misc{Gnuplot.2015,
	author = {Williams, Thomas and Kelley, Colin},
	year = {5.0.1},
	title = {Gnuplot},
	url = {http://www.gnuplot.info/},
	urldate = {2015-12-08}
}

@misc{VW.2015,
	author = {{van Wagensveld}, Ad},
	year = {2015},
	title = {Zellgallerie Frankfurt},
	url = {https://www.flickr.com/photos/109885132@N02/11079780204/in/album-72157638107589283},
	urldate = {2015-12-01}
}

@inproceedings{Amdahl.,
	author = {Amdahl, Gene M.},
	title = {Validity of the Single Processor Approach to Achieving Large Scale Computing Capabilities},
	booktitle = {Proceedings of the April 18-20, 1967, Spring Joint Computer Conference},
	series = {AFIPS '67 (Spring)},
	year = {1967},
	location = {Atlantic City, New Jersey},
	pages = {483--485},
	numpages = {3},
	url = {http://doi.acm.org/10.1145/1465482.1465560},
	doi = {10.1145/1465482.1465560},
	acmid = {1465560},
	publisher = {ACM},
	address = {New York, NY, USA},
} 

@misc{Meyer.2016,
	author = {Meyer, Markus and Janicke, Helge and Facchi, Christian and Huebner, Andreas and Trapp, Peter},
	title = {Using Multi-Threaded CPU~Stubs for Gain-Oriented Performance Optimisation},
	year = {in progress},
	keywords = {Computer Science;Cost-Benefit-Analysis;Parallelisation;Performance Analysis;Software Performance}
}

@misc{Meyer.Diss,
	author = {Meyer, Markus},
	title = {PhD Thesis: Performance Simulation of a System's Parallelization},
	year = {in progress},
	keywords = {Computer Science;Cost-Benefit-Analysis;Parallelisation;Performance Analysis;Software Performance}
}

@misc{meyer.2011,
	title={Performance Simulation of a System's Parallelization},
	author={Meyer, Markus and Janicke, Helge and Trapp, Peter and Facchi, Christian and Busch, Marcel},
	year={2011},
	publisher={ICSEA}
}



@book{Spillner.2012,
 abstract = {Mit dem 'Certified-Tester'-Programm existiert ein international standardisiertes Aus- und Weiterbildungsschema f{\"u}r Softwaretester. Dieses Buch umfasst den ben{\"o}tigten Stoff zum Ablegen der Pr{\"u}fung 'Certified Tester' (Foundation Level) nach dem Standard des International Software Testing Qualifications Board (ISTQB) und ist auch f{\"u}r das Selbststudium geeignet. Aus dem Inhalt: Grundlagen des Softwaretestens, Testen im Softwarelebenszyklus, Statischer und dynamischer Test, Testmanagement, Testwerkzeuge. Die 5. Auflage wurde {\"u}berarbeitet und ist konform zum ISTQB-Lehrplan Version 2011. Abgedeckt wird damit auch der entsprechende deutschsprachige Foundation-Level-Lehrplan des German Testing Board, des Austrian Testing Board und des Swiss Testing Board.  Andreas Spillner ist Professor f{\"u}r Informatik an der Hochschule Bremen, Fakult{\"a}t f{\"u}r Elektrotechnik und Informatik. Er war {\"u}ber 10 Jahre Sprecher der Fachgruppe TAV 'Test, Analyse und Verifikation von Software' der Gesellschaft f{\"u}r Informatik e.V. (GI) und bis Ende 2009 Mitglied im German Testing Board e.V. 2007 ist er zum Fellow der GI ernannt worden. Seine Arbeitsschwerpunkte liegen im Bereich Softwaretechnik, Qualit{\"a}tssicherung und Testen.Tilo Linz ist Vorstand der imbus AG, einem f{\"u}hrenden Dienstleister f{\"u}r Softwaretest. Er ist Leiter des German Testing Board e.V. und war von 2002 bis 2005 Vorsitzender des ISTQB. Zu seinen Arbeitsschwerpunkten z{\"a}hlen die Themen Berufsbild und Ausbildung im Softwaretest sowie die Optimierung von Softwaretestprozessen.},
 author = {Spillner, Andreas and Linz, Tilo},
 year = {2012},
 title = {Basiswissen Softwaretest: Aus- und Weiterbildung zum Certified Tester ; Foundation Level nach ISTQB-Standard},
 url = {http://site.ebrary.com/lib/hamburg/Doc?id=10717979},
 address = {Heidelberg},
 edition = {5. {\"u}berarb. und aktualisierte Aufl.},
 publisher = {{dpunkt Verl.}},
 isbn = {9783864900242},
 series = {Safari Tech Books Online}
}


@misc{LTTng.2015,
 author = {{LTTng Project, Developers}},
 year = {2015},
 title = {Linux Trace Toolkit next generation},
 url = {http://lttng.org/},
 urldate = {2015-11-09}
}

@misc{Valgrind.2015,
	author = {{Valgrind, Developers}},
	year = {2.7.0},
	title = {The Valgrind Profiler},
	url = {http://valgrind.org/},
	urldate = {2015-11-19}
}


@book{Trapp.2007,
 author = {Trapp, Peter and Facchi, Christian},
 year = {2007},
 title = {Performance improvement using dynamic performance stubs},
 keywords = {Leistungsmessung;Software;Testen},
 address = {Ingolstadt},
 volume = {14},
 publisher = {{Fachhochschule Ingolstadt}},
 series = {Arbeitsberichte / Fachhochschule Ingolstadt}
}


@inproceedings{Trapp.,
 author = {Trapp, Peter and Meyer, Markus and Facchi, Christian},
 title = {Using CPU Stubs to Optimize Parallel Processing Tasks: An Application of Dynamic Performance Stubs},
 pages = {471--476},
 booktitle = {2010 Fifth International Conference on Software Engineering Advances (ICSEA)},
 doi = {10.1109/ICSEA.2010.80}
}

@misc{IEEE.90,
	doi = {10.1109/ieeestd.1990.101064},
	url = {http://dx.doi.org/10.1109/IEEESTD.1990.101064},
	year = {1990},
	publisher = {Institute of Electrical {\&} Electronics Engineers ({IEEE})},
	title = {{IEEE} Standard Glossary of Software Engineering Terminology}
}
